% Encoding: UTF-8
% vim:enc=utf-8:


@Article{Abdalkhani1990,
  Title                    = {A numerical approach to the solution of Abel integral equations of the second kind with nonsmooth solution},
  Author                   = {J. Abdalkhani},
  Journal                  = {Journal of Computational and Applied Mathematics},
  Year                     = {1990},
  Number                   = {3},
  Pages                    = {249 - 255},
  Volume                   = {29},

  Doi                      = {10.1016/0377-0427(90)90011-N},
  ISSN                     = {0377-0427},
  Keywords                 = {Numerical}
}


@article{Tangelder2008A,
  title={A survey of content based 3D shape retrieval methods},
  author={Tangelder, Johan W and Veltkamp, Remco C},
  journal={Multimedia Tools and Applications},
  volume={39},
  number={3},
  pages={441},
  year={2008},
  Doi                      = {10.1016/0377-0427(90)90011-N},
  ISSN                     = {0377-0427},
  Keywords                 = {Numerical}
}

@article{Funkhouser2005Shape,
  title={Shape-based retrieval and analysis of 3d models},
  author={Funkhouser, Thomas and Kazhdan, Michael and Min, Patrick and Shilane, Philip},
  journal={Communications of the Acm},
  volume={48},
  number={6},
  pages={58-64},
  year={2005},
}

@article{Krizhevsky2017ImageNet,
  title={ImageNet classification with deep convolutional neural networks},
  author={Krizhevsky, Alex and Sutskever, Ilya and Hinton, Geoffrey E},
  journal={Communications of the ACM},
  volume={60},
  number={2},
  pages={2012},
  year={2017},
}



@article{He2015Delving,
    title={Delving Deep into Rectifiers Surpassing Human-Level Performance on ImageNet Classification},
    author={He, Kaiming and Zhang, Xiangyu and Ren, Shaoqing and Sun, Jian},
    pages={1026-1034},
    year={2015},
  Journal                  = {ICCV},
   
}

@article{Mnih2015Human,
  title={Human-level control through deep reinforcement learning},
  author={Mnih, Volodymyr and Kavukcuoglu, Koray and Silver, David and Rusu, Andrei A. and Veness, Joel and Bellemare, Marc G. and Graves, Alex and Riedmiller, Martin and Fidjeland, Andreas K. and Ostrovski, Georg},
  journal={Nature},
  volume={518},
  number={7540},
  pages={529},
  year={2015},
}

@article{Dahl2012Context,
  title={Context-Dependent Pre-Trained Deep Neural Networks for Large-Vocabulary Speech Recognition},
  author={Dahl, G. E. and Acero, A.},
  journal={IEEE Transactions on Audio Speech and Language Processing},
  volume={20},
  number={1},
  pages={30-42},
  year={2012},
}

@article{Honglak2009Convolutional,
  title={Convolutional Deep Belief Networks for Scalable Unsupervised Learning of Hierarchical Representations},
  author={Honglak Lee, Roger Grosse, Rajesh Ranganath and Andrew Y. Ng.},
  journal={Proceedings of the 26th International Conference on Machine Learning},
  year={2009},
}

@book{Srivastava2012Multimodal,
  title={Multimodal learning with deep Boltzmann machines},
  author={Srivastava, Nitish and Salakhutdinov, Ruslan},
  publisher={JMLR.org},
  pages={1967 - 2006},
  year={2012},
}

@inproceedings{Kae2013Augmenting,
  title={Augmenting CRFs with Boltzmann Machine Shape Priors for Image Labeling},
  author={Kae, Andrew and Sohn, Kihyuk and Lee, Honglak and Learned-Miller, Erik},
  booktitle={IEEE Conference on Computer Vision and Pattern Recognition},
  pages={2019-2026},
  year={2013},
}

@inproceedings{Kaick2010A,
  title={A Survey on Shape Correspondence},
  author={Kaick, Oliver and Zhang, Hao and Hamarneh, Ghassan and Cohen-Or, Daniel and Kaick, Oliver and Zhang, Hao and Hamarneh, Ghassan and Cohen-Or, Daniel and Kaick, Oliver and Zhang, Hao},
  booktitle={Computer Graphics Forum},
  pages={1681-1707},
  year={2010},
}

@article{Ullman1985Three,
  title={Three-dimensional object recognition.},
  author={Ullman, S},
  journal={Cold Spring Harb Symp Quant Biol},
  volume={17},
  number={1},
  pages={889-898},
  year={1985},
}

@article{Loncaric1998A,
  title={A survey of shape analysis techniques},
  author={Loncaric, Sven},
  journal={Pattern Recognition},
  volume={31},
  number={8},
  pages={983-1001},
  year={1998},
}

@article{Campbell2001A,
  title={A Survey Of Free-Form Object Representation and Recognition Techniques},
  author={Campbell, Richard J. and Flynn, Patrick J.},
  journal={Computer Vision and Image Understanding},
  volume={81},
  number={2},
  pages={166-210},
  year={2001},
}

@article{Johnson2002Using,
  title={Using spin images for efficient object recognition in cluttered 3D scenes},
  author={Johnson, A. E. and Hebert, M.},
  journal={IEEE Transactions on Pattern Analysis and Machine Intelligence},
  volume={21},
  number={5},
  pages={433-449},
  year={2002},
}

@article{Shan2006Shapeme,
  title={Shapeme Histogram Projection and Matching for Partial Object Recognition},
  author={Shan, Ying and Sawhney, Harpreet S. and Matei, Bogdan and Kumar, Rakesh},
  journal={IEEE Transactions on Pattern Analysis and Machine Intelligence},
  volume={28},
  number={4},
  pages={568-77},
  year={2006},
}

@inproceedings{Liu2006Shape,
  title={Shape Topics: A Compact Representation and New Algorithms for 3D Partial Shape Retrieval},
  author={Liu, Yi and Zha, Hongbin and Qin, Hong},
  booktitle={IEEE Computer Society Conference on Computer Vision and Pattern Recognition},
  pages={2025-2032},
  year={2006},
}


@article{Malassiotis2007Snapshots,
  title={Snapshots: a novel local surface descriptor and matching algorithm for robust 3D surface alignment.},
  author={Malassiotis, Sotiris and Strintzis, Michael G},
  journal={IEEE Transactions on Pattern Analysis and Machine Intelligence},
  volume={29},
  number={7},
  pages={1285-90},
  year={2007},
}

@inproceedings{Elad2001Bending,
  title={Bending Invariant Representations for Surfaces},
  author={Elad, Asi and Kimmel, Ron},
  booktitle={Computer Vision and Pattern Recognition, 2001. CVPR 2001. Proceedings of the 2001 IEEE Computer Society Conference on},
  pages={I-168-I-174 vol.1},
  year={2001},
}

@article{M2005A,
  title={A Theoretical and Computational Framework for Isometry Invariant Recognition of Point Cloud Data},
  author={Mémoli, Facundo and Sapiro, Guillermo},
  journal={Foundations of Computational Mathematics},
  volume={5},
  number={3},
  pages={313-347},
  year={2005},
}

@book{Bronstein2006Efficient,
  title={Efficient Computation of Isometry-Invariant Distances Between Surfaces},
  author={Bronstein, Alexander M. and Bronstein, Michael M. and Kimmel, Ron},
  publisher={Society for Industrial and Applied Mathematics},
  pages={1812-1836},
  year={2006},
}

@book{Reuter2006Laplace,
  title={Laplace-Beltrami spectra as 'Shape-DNA' of surfaces and solids},
  author={Reuter, Martin and Wolter, Franz Erich and Peinecke, Niklas},
  publisher={Butterworth-Heinemann},
  pages={342-366},
  year={2006},
}

@inproceedings{Wu2010Global,
  title={Global and local isometry-invariant descriptor for 3D shape comparison and partial matching},
  author={Wu, Huai Yu and Zha, Hongbin and Luo, Tao and Wang, Xu Lei and Ma, Songde},
  booktitle={Computer Vision and Pattern Recognition},
  pages={438-445},
  year={2010},
}

@inproceedings{Sun2009A,
  title={A Concise and Provably Informative Multi-Scale Signature Based on Heat Diffusion},
  author={Sun, Jian and Ovsjanikov, Maks and Guibas, Leonidas},
  booktitle={Computer Graphics Forum},
  pages={1383–1392},
  year={2009},
}

@inproceedings{Bronstein2010Scale,
  title={Scale-invariant heat kernel signatures for non-rigid shape recognition},
  author={Bronstein, Michael M. and Kokkinos, Iasonas},
  booktitle={Computer Vision and Pattern Recognition},
  pages={1704-1711},
  year={2010},
}

@article{Lee2005Mesh,
  title={Mesh saliency},
  author={Lee, Chang Ha and Varshney, Amitabh and Jacobs, David W},
  journal={Acm Transactions on Graphics},
  volume={24},
  number={3},
  pages={659-666},
  year={2005},
}

@article{Shilane2007Distinctive,
  title={Distinctive regions of 3D surfaces},
  author={Shilane, Philip and Funkhouser, Thomas},
  journal={Acm Transactions on Graphics},
  volume={26},
  number={2},
  pages={7},
  year={2007},
}

@book{G2009Detection,
  title={Detection of Interest Points on 3D Data: Extending the Harris Operator},
  author={Głomb, Przemysław},
  pages={103-111},
  year={2009},
}

@inproceedings{Zaharescu2009Surface,
  title={Surface feature detection and description with applications to mesh matching},
  author={Zaharescu, A. and Boyer, E. and Varanasi, K. and Horaud, R.},
  booktitle={Computer Vision and Pattern Recognition, 2009. CVPR 2009. IEEE Conference on},
  pages={373-380},
  year={2009},
}

@inproceedings{Shilane2004The,
  title={The Princeton Shape Benchmark},
  author={Shilane, P. and Min, P. and Kazhdan, M. and Funkhouser, T.},
  booktitle={Shape Modeling International},
  pages={167-178},
  year={2004},
}

@article{Siddiqi2008Retrieving,
  title={Retrieving articulated 3-D models using medial surfaces},
  author={Siddiqi, Kaleem and Zhang, Juan and Macrini, Diego and Shokoufandeh, Ali and Bouix, Sylvain and Dickinson, Sven},
  journal={Machine Vision and Applications},
  volume={19},
  number={4},
  pages={261-275},
  year={2008},
}

@book{Bronstein2009Numerical,
  title={Numerical Geometry of Non-Rigid Shapes},
  author={Bronstein, Alexander and Bronstein, Michael and Kimmel, Ron},
  publisher={Springer New York},
  year={2009},
}

@inproceedings{Lian2011SHREC,
  title={SHREC'11 track: shape retrieval on non-rigid 3D watertight meshes},
  author={Lian, Z and Godil, A and Bustos, B and Daoudi, M and Hermans, J and Kawamura, S and Kurita, Y and Lavoué, G and Nguyen, H. V and Ohbuchi, R},
  booktitle={Eurographics Workshop on 3D Object Retrieval 2011, Llandudno, UK, April 10, 2011. Proceedings},
  pages={79-88},
  year={2011},
}

@article{韩丽2015Laplacian,
  title={Laplacian多特征映射的三维模型形状分析},
  author={韩丽 and 徐建国 and 黎琳 and 唐棣},
  journal={计算机辅助设计与图形学学报},
  volume={27},
  number={11},
  pages={2142-2148},
  year={2015},
}


@article{霍磊2015基于显著点切片的三维模型检索,
  title={基于显著点切片的三维模型检索},
  author={霍磊 and 吕学强 and 李卓 and 张凯},
  journal={微电子学与计算机},
  number={8},
  pages={1-6},
  year={2015},
}


@article{李闯2016基于平均自旋图的三维形状特征描述,
  title={基于平均自旋图的三维形状特征描述},
  author={李闯 and 孙红岩 and 王璐 and 孙晓鹏},
  journal={计算机工程与设计},
  volume={37},
  number={5},
  pages={1275-1279},
  year={2016},
  key={李},
}

@article{王新颖2015基于异构特征,
  title={基于异构特征LDA的三维模型分类及检索},
  author={王新颖 and 谷方明 and 逄焕利 and 王小虎},
  journal={计算机工程},
  volume={41},
  number={7},
  pages={234-238},
  year={2015},
}

@article{徐平安2015融合细节与整体特征的三维模型检索方法,
  title={融合细节与整体特征的三维模型检索方法},
  author={徐平安 and 唐雁 and 牟春倩 and 陈强 and 石教开 and 张辉荣},
  journal={西南大学学报(自然科学版)},
  volume={37},
  number={10},
  pages={131-137},
  year={2015},
}

@article{肖秦琨2015融合深度图和三维模型的人体运动捕获,
  title={融合深度图和三维模型的人体运动捕获},
  author={肖秦琨 and 谢艳梅},
  journal={国外电子测量技术},
  number={1},
  pages={19-22},
  year={2015},
}

@phdthesis{侯晓丽2014基于局部特征的图像匹配算法研究,
  title={基于局部特征的图像匹配算法研究},
  author={侯晓丽},
  school={西安电子科技大学},
  year={2014},
}

@phdthesis{阮孟贵2010基于图像三维模型重建的研究,
  title={基于图像三维模型重建的研究},
  author={阮孟贵},
  school={清华大学},
  year={2010},

}

@article{刘志2016基于特征线条的三维模型检索方法,
  title={基于特征线条的三维模型检索方法},
  author={刘志 and 尹世超 and 潘翔 and 郑河荣},
  journal={计算机辅助设计与图形学学报},
  volume={28},
  number={9},
  pages={1512-1520},
  year={2016},
  key={刘},
}


@article{黄骥2016基于核线性分类分析的三维模型检索算法,
  title={基于核线性分类分析的三维模型检索算法},
  author={黄骥 and 许威威 and 刘复昌},
  journal={微型机与应用},
  volume={35},
  number={15},
  pages={24-27},
  year={2016},
}

@article{屠宏2015一种基于局部特征的三维模型检索算法,
  title={一种基于局部特征的三维模型检索算法},
  author={屠宏 and 耿国华},
  journal={计算机工程},
  volume={41},
  number={3},
  pages={218-222},
  year={2015},
}

@article{张全贵2017融合,
  title={融合Fuzzy拓扑关系与CRSC的三维模型检索方法},
  author={张全贵 and 李凡 and 王炳超 and 王星},
  journal={计算机工程与应用},
  volume={53},
  number={7},
  pages={192-196},
  year={2017},
  key = {张}
}

@article{周燕2016基于多特征融合的三维模型检索算法,
  title={基于多特征融合的三维模型检索算法},
  author={周燕 and 曾凡智 and 杨跃武},
  journal={计算机科学},
  volume={43},
  number={7},
  pages={303-309},
  year={2016},
}

@phdthesis{计明明2015基于多特征融合的三维模型检索技术,
  title={基于多特征融合的三维模型检索技术},
  author={计明明},
  school={浙江大学},
  year={2015},
}

@article{朱新懿2015使用形状变化描述三维模型,
  title={使用形状变化描述三维模型},
  author={朱新懿 and 耿国华},
  journal={计算机应用研究},
  volume={32},
  number={3},
  pages={922-924},
  year={2015},
}


@article{Rumelhart1988Learning,
  title={Learning internal representations by error propagation},
  author={Rumelhart, D. E and Hinton, G. E and Williams, R. J},
  journal={Readings in Cognitive Science},
  volume={1},
  number={2},
  pages={399-421},
  year={1988},
}

@article{Lecun2014Backpropagation,
  title={Backpropagation applied to handwritten zip code recognition},
  author={Lecun, Y. and Boser, B. and Denker, J. S. and Henderson, D. and Howard, R. E. and Hubbard, W. and Jackel, L. D.},
  journal={Neural Computation},
  volume={1},
  number={4},
  pages={541-551},
  year={2014},
}


@book{Hinton2006A,
  title={A fast learning algorithm for deep belief nets},
  author={Hinton, Geoffrey E. and Osindero, Simon and Teh, Yee Whye},
  publisher={MIT Press},
  pages={1527},
  year={2006},
}


@inproceedings{Niu2014Context,
  title={Context-dependent deep neural networks for commercial Mandarin speech recognition applications},
  author={Niu, Jianwei and Xie, Lei and Jia, Lei and Hu, Na},
  booktitle={Signal and Information Processing Association Summit and Conference},
  pages={1-5},
  year={2014},
}

@inproceedings{Feng20163D,
  title={3D shape retrieval using a single depth image from low-cost sensors},
  author={Feng, Jie and Wang, Yan and Chang, Shih Fu},
  booktitle={Applications of Computer Vision},
  pages={1-9},
  year={2016},
}

@inproceedings{Liu2014High,
  title={High-level semantic feature for 3D shape based on deep belief networks},
  author={Liu, Zhenbao and Chen, Shaoguang and Bu, Shuhui and Li, Ke},
  booktitle={IEEE International Conference on Multimedia and Expo},
  pages={1-6},
  year={2014},
}

@article{Bu2014Learning,
  title={Learning High-Level Feature by Deep Belief Networks for 3-D Model Retrieval and Recognition},
  author={Bu, Shuhui and Liu, Zhenbao and Han, Junwei and Wu, Jun and Ji, Rongrong},
  journal={IEEE Transactions on Multimedia},
  volume={16},
  number={8},
  pages={2154-2167},
  year={2014},
}

@inproceedings{Xie2015Deepshape,
  title={Deepshape: Deep learned shape descriptor for 3D shape matching and retrieval},
  author={Xie, Jin and Fang, Yi and Zhu, Fan and Wong, Edward},
  booktitle={Computer Vision and Pattern Recognition},
  pages={1275-1283},
  year={2015},
}

@inproceedings{Fang20153D,
  title={3D deep shape descriptor},
  author={Fang, Yi and Xie, Jin and Dai, Guoxian and Wang, Meng and Zhu, Fan and Xu, Tiantian and Wong, Edward},
  booktitle={IEEE Conference on Computer Vision and Pattern Recognition},
  pages={2319-2328},
  year={2015},
}

@book{Sanchez2016A,
  title={A comparative study of data fusion for RGB-D based visual recognition},
  author={Sanchez-Riera, Jordi and Hua, Kai Lung and Hsiao, Yuan Sheng and Lim, Tekoing and Hidayati, Shintami C. and Cheng, Wen Huang},
  publisher={Elsevier Science Inc.},
  pages={1-6},
  year={2016},
}

@article{Socher2012Convolutional,
  title={Convolutional-Recursive Deep Learning for 3D Object Classification},
  author={Socher, Richard and Huval, Brody and Bhat, Bharath and Manning, Christopher D and Ng, Andrew Y},
  journal={Nips},
  pages={665-673},
  year={2012},
}

@article{Couprie2013Indoor,
  title={Indoor Semantic Segmentation using depth information},
  author={Couprie, Camille and Farabet, Clément and Najman, Laurent and Lecun, Yann},
  journal={Eprint Arxiv},
  year={2013},
}

@inproceedings{Alexandre20123D,
  title={3D Descriptors for Object and Category Recognition: a Comparative Evaluation},
  author={Alexandre, Lu'Is A.},
  year={2012},
}

@inproceedings{Schwarz2015RGB,
  title={RGB-D object recognition and pose estimation based on pre-trained convolutional neural network features},
  author={Schwarz, M and Schulz, H and Behnke, S},
  booktitle={IEEE International Conference on Robotics and Automation},
  pages={1329-1335},
  year={2015},
}

@inproceedings{Eitel2015Multimodal,
  title={Multimodal deep learning for robust RGB-D object recognition},
  author={Eitel, Andreas and Springenberg, Jost Tobias and Spinello, Luciano and Riedmiller, Martin and Burgard, Wolfram},
  pages={681-687},
  year={2015},
}

@inproceedings{Wu20143D,
  title={3D ShapeNets: A deep representation for volumetric shapes},
  author={Wu, Zhirong and Song, Shuran and Khosla, Aditya and Yu, Fisher and Zhang, Linguang and Tang, Xiaoou and Xiao, Jianxiong},
  pages={1912-1920},
  year={2014},
}

@inproceedings{Maturana2015VoxNet,
  title={VoxNet: A 3D Convolutional Neural Network for Real-Time Object Recognition},
  author={Maturana, Daniel and Scherer, Sebastian},
  year={2015},
}

@inproceedings{Silberman2012Indoor,
  title={Indoor Segmentation and Support Inference from RGBD Images},
  author={Silberman, Nathan and Hoiem, Derek and Kohli, Pushmeet and Fergus, Rob},
  booktitle={European Conference on Computer Vision},
  pages={746-760},
  year={2012},
}

@inproceedings{Sedaghat2016Orientation,
  title={Orientation-boosted Voxel Nets for 3D Object Recognition},
  author={Sedaghat, Nima and Zolfaghari, Mohammadreza and Brox, Thomas},
  year={2016},
}


@article{Wang2016An,
  title={An efficient and effective convolutional auto-encoder extreme learning machine network for 3d feature learning},
  author={Wang, Yueqing and Xie, Zhige and Xu, Kai and Dou, Yong and Lei, Yuanwu},
  journal={Neurocomputing},
  volume={174},
  number={PB},
  pages={988-998},
  year={2016},
}
@article{Huang2006Extreme,
  title={Extreme learning machine: Theory and applications},
  author={Huang, Guang Bin and Zhu, Qin Yu and Siew, Chee Kheong},
  journal={Neurocomputing},
  volume={70},
  number={1–3},
  pages={489-501},
  year={2006},
}

@article{Kasun2013Repre,
  title={Representational learning with extreme learning machine for big data},
  author={LLC Kasun and H Zhou and G Huang and CM Vong },
  journal={IEEE Intelligent Systems},
  volume={28},
  number={6},
  pages={31–34},
  year={2013},
}


@article{Han2016Mesh,
  title={Mesh Convolutional Restricted Boltzmann Machines for Unsupervised Learning of Features With Structure Preservation on 3-D Meshes.},
  author={Han, Z. and Liu, Z. and Han, J. and Vong, C. M. and Bu, S. and Chen, C. L.},
  journal={IEEE Transactions on Neural Networks and Learning Systems},
  volume={PP},
  number={99},
  pages={1-14},
  year={2016},
}

@inproceedings{Chen2003On,
  title={On Visual Similarity Based 3D Model Retrieval},
  author={Chen, Ding‐Yun and Tian, Xiao‐Pei and Shen, Yu‐Te and Ouhyoung, Ming},
  booktitle={Computer Graphics Forum},
  pages={223-232},
  year={2003},
}

@inproceedings{Kazhdan2003Rotation,
  title={Rotation invariant spherical harmonic representation of 3D shape descriptors},
  author={Kazhdan, Michael and Funkhouser, Thomas and Rusinkiewicz, Szymon},

  volume={43},
  number={2},
  pages={156-164},
  year={2003},
}

@inproceedings{Qi2016Volumetric,
  title={Volumetric and Multi-View CNNs for Object Classification on 3D Data},
  author={Qi, Charles R and Su, Hao and Niessner, Matthias and Dai, Angela and Yan, Mengyuan and Guibas, Leonidas J},
  pages={5648-5656},
  year={2016},
}

@article{Lin2013Network,
  title={Network In Network},
  author={Lin, Min and Chen, Qiang and Yan, Shuicheng},
  journal={Computer Science},
  year={2013},
}


@article{Brock2016Generative,
  title={Generative and Discriminative Voxel Modeling with Convolutional Neural Networks},
  author={Brock, Andrew and Lim, Theodore and Ritchie, J. M. and Weston, Nick},
  journal={Computer Science},
  year={2016},
}
@inproceedings{Szegedy2016Inception,
  title={Inception-v4, Inception-ResNet and the Impact of Residual Connections on Learning},
  author={Szegedy, Christian and Ioffe, Sergey and Vanhoucke, Vincent and Alemi, Alex},
  year={2016},
}
@inproceedings{Ioffe2015Batch,
  title={Batch normalization: accelerating deep network training by reducing internal covariate shift},
  author={Ioffe, Sergey and Szegedy, Christian},
  booktitle={International Conference on International Conference on Machine Learning},
  pages={448-456},
  year={2015},
}
@inproceedings{He2016Identity,
  title={Identity Mappings in Deep Residual Networks},
  author={He, Kaiming and Zhang, Xiangyu and Ren, Shaoqing and Sun, Jian},
  pages={630-645},
  year={2016},
}

@inproceedings{Huang2016Deep,
  title={Deep Networks with Stochastic Depth},
  author={Huang, Gao and Sun, Yu and Liu, Zhuang and Sedra, Daniel and Weinberger, Kilian Q.},
  pages={646-661},
  year={2016},
}

@article{Song2015Deep,
  title={Deep Sliding Shapes for Amodal 3D Object Detection in RGB-D Images},
  author={Song, Shuran and Xiao, Jianxiong},
  journal={Computer Science},
  volume={139},
  number={2},
  pages={808-816},
  year={2015},
}

@article{Uijlings2013Selective,
  title={Selective Search for Object Recognition},
  author={Uijlings, J. R. R. and Sande, K. E. A. Van De and Gevers, T. and Smeulders, A. W. M.},
  journal={International Journal of Computer Vision},
  volume={104},
  number={2},
  pages={154-171},
  year={2013},
}


@inproceedings{Song2014Sliding,
  title={Sliding Shapes for 3D Object Detection in Depth Images},
  author={Song, Shuran and Xiao, Jianxiong},
  booktitle={European Conference on Computer Vision},
  pages={634-651},
  year={2014},
}
@inproceedings{Gupta2014Learning,
  title={Learning Rich Features from RGB-D Images for Object Detection and Segmentation},
  author={Gupta, Saurabh and Girshick, Ross and Arbeláez, Pablo and Malik, Jitendra},
  volume={8695},
  pages={345-360},
  year={2014},
}

@inproceedings{Zhu2014Deep,
  title={Deep learning representation using autoencoder for 3D shape retrieval},
  author={Zhu, Zhuotun and Wang, Xinggang and Bai, Song and Yao, Cong},
  booktitle={International Conference on Security, Pattern Analysis, and Cybernetics},
  pages={279-284},
  year={2014},
}

@article{Leng20153D,
  title={3D object retrieval with stacked local convolutional autoencoder},
  author={Leng, Biao and Guo, Shuang and Zhang, Xiangyang and Xiong, Zhang},
  journal={Signal Processing},
  volume={112},
  number={C},
  pages={119-128},
  year={2015},
}

@inproceedings{Godil2009SHREC,
  title={SHREC'09 track: generic shape retrieval},
  author={Godil, A. and Dutagaci, H. and Axenopoulos, A. and Bustos, B. and Chaouch, M. and Daras, P. and Furuya, T. and Kreft, S. and Lian, Z. and Mademlis, A.},
  booktitle={Eurographics Conference on 3d Object Retrieval},
  pages={61-68},
  year={2009},
}

@inproceedings{Su2015Multi,
  title={Multi-view Convolutional Neural Networks for 3D Shape Recognition},
  author={Su, Hang and Maji, Subhransu and Kalogerakis, Evangelos and Learned-Miller, Erik},
  pages={945-953},
  year={2015},
}


@inproceedings{Johns2016Pairwise,
  title={Pairwise Decomposition of Image Sequences for Active Multi-view Recognition},
  author={Johns, Edward and Leutenegger, Stefan and Davison, Andrew J.},
  booktitle={Computer Vision and Pattern Recognition},
  year={2016},
}

@article{Chatfield2014Return,
  title={Return of the Devil in the Details: Delving Deep into Convolutional Nets},
  author={Chatfield, Ken and Simonyan, Karen and Vedaldi, Andrea and Zisserman, Andrew},
  journal={Computer Science},
  year={2014},
}

@inproceedings{Bai2016GIFT,
  title={GIFT: A Real-Time and Scalable 3D Shape Search Engine},
  author={Bai, Song and Bai, Xiang and Zhou, Zhichao and Zhang, Zhaoxiang and Latecki, Longin Jan},
  booktitle={Computer Vision and Pattern Recognition},
  pages={5023-5032},
  year={2016},
}

@article{Giorgi2008SHape,
  title={SHape REtrieval Contest 2007: Watertight Models Track},
  author={Giorgi, Daniela and Biasotti, Silvia and Paraboschi, Laura},
  journal={Shrec Competition},
  year={2008},
}

@article{Li2015A,
  title={A comparison of 3D shape retrieval methods based on a large-scale benchmark supporting multimodal queries},
  author={Li, Bo and Lu, Yijuan and Li, Chunyuan and Godil, Afzal and Schreck, Tobias and Aono, Masaki and Burtscher, Martin and Chen, Qiang and Chowdhury, Nihad Karim and Fang, Bin},
  journal={Computer Vision and Image Understanding},
  volume={131},
  number={C},
  pages={1-27},
  year={2015},
}


@article{Wang2015Sketch,
  title={Sketch-based 3D shape retrieval using Convolutional Neural Networks},
  author={Wang, Fang and Kang, Le and Li, Yi},
  journal={Computer Science},
  pages={1875-1883},
  year={2015},
}

@inproceedings{Leng20143D,
  title={3D Object Classification Using Deep Belief Networks},
  author={Leng, Biao and Zhang, Xiangyang and Yao, Ming and Xiong, Zhang},
  booktitle={International Conference on Multimedia Modeling},
  pages={128-139},
  year={2014},
}

@article{Daras2010A,
  title={A 3D Shape Retrieval Framework Supporting Multimodal Queries},
  author={Daras, Petros and Axenopoulos, Apostolos},
  journal={International Journal of Computer Vision},
  volume={89},
  number={2-3},
  pages={229-247},
  year={2010},
}

@article{Xie2015Projective,
  title={Projective Feature Learning for 3D Shapes with Multi‐View Depth Images},
  author={Xie, Zhige and Xu, Kai and Shan, Wen and Liu, Ligang and Xiong, Yueshan and Huang, Hui},
  journal={Computer Graphics Forum},
  volume={34},
  number={7},
  pages={1-11},
  year={2015},
}

@article{Jayanti2006Developing,
  title={Developing an engineering shape benchmark for CAD models},
  author={Jayanti, Subramaniam and Kalyanaraman, Yagnanarayanan and Iyer, Natraj and Ramani, Karthik},
  journal={Computer-Aided Design},
  volume={38},
  number={9},
  pages={939-953},
  year={2006},
}

@article{Bioucas2013Hyperspectral,
  title={Hyperspectral Remote Sensing Data Analysis and Future Challenges},
  author={Bioucas-Dias, Jose M. and Plaza, Antonio and Camps-Valls, Gustavo and Scheunders, Paul},
  journal={IEEE Geoscience and Remote Sensing Magazine},
  volume={1},
  number={2},
  pages={6-36},
  year={2013},
}

@article{Zhang2016Deep,
  title={Deep Learning for Remote Sensing Data: A Technical Tutorial on the State of the Art},
  author={Zhang, Liangpei and Zhang, Lefei and Du, Bo},
  journal={IEEE Geoscience and Remote Sensing Magazine},
  volume={4},
  number={2},
  pages={22-40},
  year={2016},
}

@article{Hu2015Deep,
  title={Deep Convolutional Neural Networks for Hyperspectral Image Classification},
  author={Hu, Wei and Huang, Yangyu and Wei, Li and Zhang, Fan and Li, Hengchao},
  journal={Journal of Sensors},
  volume={2015},
  number={2},
  pages={1-12},
  year={2015},
}

@article{Chen2017Deep,
  title={Deep Learning-Based Classification of Hyperspectral Data},
  author={Chen, Yushi and Lin, Zhouhan and Zhao, Xing and Wang, Gang and Gu, Yanfeng},
  journal={IEEE Journal of Selected Topics in Applied Earth Observations and Remote Sensing},
  volume={7},
  number={6},
  pages={2094-2107},
  year={2017},
}

@article{Chen2015Spectral,
  title={Spectral–Spatial Classification of Hyperspectral Data Based on Deep Belief Network},
  author={Chen, Yushi and Zhao, Xing and Jia, Xiuping},
  journal={IEEE Journal of Selected Topics in Applied Earth Observations and Remote Sensing},
  volume={8},
  number={6},
  pages={2381-2392},
  year={2015},
}

@article{Chen2016Deep,
  title={Deep Feature Extraction and Classification of Hyperspectral Images Based on Convolutional Neural Networks},
  author={Chen, Yushi and Jiang, Hanlu and Li, Chunyang and Jia, Xiuping and Ghamisi, Pedram},
  journal={IEEE Transactions on Geoscience and Remote Sensing},
  volume={54},
  number={10},
  pages={6232-6251},
  year={2016},
}

@inproceedings{Makantasis2015Deep,
  title={Deep supervised learning for hyperspectral data classification through convolutional neural networks},
  author={Makantasis, Konstantinos and Karantzalos, Konstantinos and Doulamis, Anastasios and Doulamis, Nikolaos},
  pages={4959-4962},
  year={2015},
}

@article{Zhou2016Learning,
  title={Learning Hierarchical Spectral–Spatial Features for Hyperspectral Image Classification},
  author={Zhou, Yicong and Wei, Yantao},
  journal={IEEE Transactions on Cybernetics},
  volume={46},
  number={7},
  pages={1667-1678},
  year={2016},
}

@article{Huang2012Extreme,
  title={Extreme learning machine for regression and multiclass classification.},
  author={Huang, G. B. and Zhou, H. and Ding, X. and Zhang, R.},
  journal={IEEE Transactions on Systems Man and Cybernetics Part B Cybernetics A Publication of the IEEE Systems Man and Cybernetics Society},
  volume={42},
  number={2},
  pages={513},
  year={2012},
}

@article{Zhao2016Learning,
  title={Learning multiscale and deep representations for classifying remotely sensed imagery},
  author={Zhao, Wenzhi and Du, Shihong},
  journal={Isprs Journal of Photogrammetry and Remote Sensing},
  volume={113},
  pages={155-165},
  year={2016},
}

@article{Fauvel2012A,
  title={A spatial–spectral kernel-based approach for the classification of remote-sensing images},
  author={Fauvel, M and Chanussot, J and Benediktsson, J. A},
  journal={Pattern Recognition},
  volume={45},
  number={1},
  pages={381-392},
  year={2012},
}

@article{Benediktsson2005Classification,
  title={Classification of hyperspectral data from urban areas based on extended morphological profiles},
  author={Benediktsson, J. A. and Palmason, J. A. and Sveinsson, J. R.},
  journal={IEEE Transactions on Geoscience and Remote Sensing},
  volume={43},
  number={3},
  pages={480-491},
  year={2005},
}

@article{Yue2016A,
  title={A deep learning framework for hyperspectral image classification using spatial pyramid pooling},
  author={Yue, Jun and Mao, Shanjun and Li, Mei},
  journal={Remote Sensing Letters},
  volume={7},
  number={9},
  pages={875-884},
  year={2016},
}


@article{Krizhevsky2012ImageNet,
  title={ImageNet classification with deep convolutional neural networks},
  author={Krizhevsky, Alex and Sutskever, Ilya and Hinton, Geoffrey E},
  journal={Communications of the Acm},
  volume={60},
  number={2},
  pages={2012},
  year={2012},
}

@article{Hinton2002Training,
  title={Training products of experts by minimizing contrastive divergence},
  author={Hinton, G. E.},
  journal={Neural Computation},
  volume={14},
  number={8},
  pages={1771},
  year={2002},
}

@inproceedings{Tieleman2009Using,
  title={Using fast weights to improve persistent contrastive divergence},
  author={Tieleman, Tijmen and Hinton, Geoffrey},
  booktitle={International Conference on Machine Learning, ICML 2009, Montreal, Quebec, Canada, June},
  pages={1033-1040},
  year={2009},
}

@inproceedings{Cun1990Handwritten,
  title={Handwritten digit recognition with a back-propagation network},
  author={Cun, Y. Le and Boser, B. and Denker, J. S. and Howard, R. E. and Habbard, W. and Jackel, L. D. and Henderson, D.},
  booktitle={Advances in Neural Information Processing Systems},
  pages={396-404},
  year={1990},
}

@techreport{giorgi2007watertight,
  title={Watertight models track},
  author={Giorgi, Daniela and Biasotti, Silvia and Paraboschi, Laura},
  year={2007},
  institution={Technical Report}
}

@inproceedings{zhang2005retrieving,
  title={Retrieving articulated 3-d models using medial surfaces and their graph spectra},
  author={Zhang, Juan and Siddiqi, Kaleem and Macrini, Diego and Shokoufandeh, Ali and Dickinson, Sven},
  booktitle={Energy minimization methods in computer vision and pattern recognition},
  pages={285--300},
  year={2005},
  organization={Springer}
}

@inproceedings{shilane2004princeton,
  title={The princeton shape benchmark},
  author={Shilane, Philip and Min, Patrick and Kazhdan, Michael and Funkhouser, Thomas},
  booktitle={Shape Modeling Applications, 2004. Proceedings},
  pages={167--178},
  year={2004},
  organization={IEEE}
}

@article{barra20133d,
  title={3D shape retrieval using Kernels on Extended Reeb Graphs},
  author={Barra, Vincent and Biasotti, Silvia},
  journal={Pattern Recognition},
  year={2013},
  publisher={Elsevier}
}

@article{Lian2015SHREC,
  title={SHREC'15 Track: Non-rigid 3D shape retrieval},
  author={Lian, Z and Zhang, J and Choi, S and Elnaghy, H and Elsana, J and Furuya, T and Giachetti, A and Guler, R A and Lai, L and Li, C},
  journal={Eurographics Workshop Ond Object Retrieval},
  year={2015},
}

@inproceedings{Aubry2011The,
  title={The wave kernel signature: A quantum mechanical approach to shape analysis},
  author={Aubry, M and Schlickewei, U and Cremers, D},
  booktitle={IEEE International Conference on Computer Vision Workshops, ICCV 2011 Workshops, Barcelona, Spain, November},
  pages={1626-1633},
  year={2011},
}

@inproceedings{Hamed2017Nonrigid,
  title={Nonrigid 3D shape retrieval using deep auto-encoders},
  author={Hamed Ghodrati and A. Ben Hamza},
  year={2017},
}

@article{Giachetti2012Radial,
  title={Radial Symmetry Detection and Shape Characterization with the Multiscale Area Projection Transform},
  author={Giachetti, A and Lovato, C},
  journal={Computer Graphics Forum},
  volume={31},
  number={5},
  pages={1669-1678},
  year={2012},
}


@article{Li2013A,
  title={A multiresolution descriptor for deformable 3D shape retrieval},
  author={Li, Chunyuan and Ben Hamza, A},
  journal={The Visual Computer},
  volume={29},
  number={6},
  pages={513-524},
  year={2013},
}

@article{Laga2013Geometry,
  title={Geometry and context for semantic correspondences and functionality recognition in man-made 3D shapes},
  author={Laga, Hamid and Mortara, Michela and Spagnuolo, Michela},
  journal={Acm Transactions on Graphics},
  volume={32},
  number={5},
  pages={150},
  year={2013},
}

@inproceedings{lian2010non,
  title={Non-rigid 3D shape retrieval using multidimensional scaling and bag-of-features},
  author={Lian, Zhouhui and Godil, Afzal and Sun, Xianfang and Zhang, Hai},
  booktitle={Image Processing (ICIP), 2010 17th IEEE International Conference on},
  pages={3181--3184},
  year={2010},
  organization={IEEE}
}

@inproceedings{chen2003visual,
  title={On visual similarity based 3D model retrieval},
  author={Chen, Ding-Yun and Tian, Xiao-Pei and Shen, Yu-Te and Ouhyoung, Ming},
  booktitle={Computer graphics forum},
  volume={22},
  number={3},
  pages={223--232},
  year={2003},
  organization={Wiley Online Library}
}

@article{gal2006salient,
  title={Salient geometric features for partial shape matching and similarity},
  author={Gal, Ran and Cohen-Or, Daniel},
  journal={ACM Transactions on Graphics (TOG)},
  volume={25},
  number={1},
  pages={130--150},
  year={2006},
  publisher={ACM}
}


@inproceedings{Lavou2011Bag,
  title={Bag of words and local spectral descriptor for 3D partial shape retrieval},
  author={Lavou and Guillaume},
  booktitle={Eurographics Conference on 3d Object Retrieval},
  pages={41-48},
  year={2011},
}

@inproceedings{Maes2010Feature,
  title={Feature detection on 3D face surfaces for pose normalisation and recognition},
  author={Maes, C and Fabry, T and Keustermans, J and Smeets, D},
  booktitle={Fourth IEEE International Conference on Biometrics: Theory Applications and Systems},
  pages={1-6},
  year={2010},
}














